<?xml version="1.0" encoding="UTF-8"?><collection xmlns="http://www.loc.gov/MARC21/slim"><record><leader>00376nam--2200145-i-4500</leader><controlfield tag="001">000009732</controlfield><controlfield tag="002">20161230</controlfield><controlfield tag="005">20161230201028</controlfield><controlfield tag="008">060222s1000------------r-----000-0-eng-d</controlfield><datafield ind1=" " ind2=" " tag="020"><subfield code="a">73</subfield></datafield><datafield ind1=" " ind2=" " tag="100"><subfield code="a">Abd-el-samie, Sh</subfield></datafield><datafield ind1=" " ind2=" " tag="245"><subfield code="a">Karchava, g</subfield></datafield><datafield ind1=" " ind2=" " tag="260"><subfield code="a">Effect Of Different Reflectors On Ua-rr-1 Reactor Core Characteristics</subfield></datafield><datafield ind1=" " ind2=" " tag="490"><subfield code="a">U.A.R.A.E.E./Rep</subfield></datafield><datafield ind1=" " ind2=" " tag="852"><subfield code="a">621.039.51</subfield></datafield></record></collection>